<?xml version="1.0" encoding="UTF-8"?>
<collection xmlns="http://www.loc.gov/MARC21/slim">
   <record>
      <leader>00000nz  a2200000nc 4500</leader>
      <controlfield tag="001">institutions/51006053</controlfield>
      <controlfield tag="003">DE-633</controlfield>
      <controlfield tag="005">20250620052306.0</controlfield>
      <controlfield tag="008">220118||||z|||a|||||||||||||||||n||||||d</controlfield>
      <datafield tag="024" ind1="7" ind2=" ">
         <subfield code="a">30149717579510952414</subfield>
         <subfield code="2">VIAF</subfield>
      </datafield>
      <datafield tag="024" ind1="7" ind2=" ">
         <subfield code="a">BY-HRnhab</subfield>
         <subfield code="q">siglum</subfield>
         <subfield code="2">rism</subfield>
      </datafield>
      <datafield tag="034" ind1="1" ind2=" ">
         <subfield code="d">23.826082300226485</subfield>
         <subfield code="f">53.71116414352364</subfield>
      </datafield>
      <datafield tag="040" ind1=" " ind2=" ">
         <subfield code="a">DE-633</subfield>
         <subfield code="c">DE-633</subfield>
         <subfield code="e">rismg</subfield>
      </datafield>
      <datafield tag="110" ind1="1" ind2=" ">
         <subfield code="a">Nacyjanal'ny histaryčny archiŭ Belarusi ŭ h. Hrodna</subfield>
         <subfield code="c">Hrodna</subfield>
         <subfield code="g">BY-HRnhab</subfield>
      </datafield>
      <datafield tag="368" ind1=" " ind2=" ">
         <subfield code="a">Institution</subfield>
         <subfield code="a">Library</subfield>
         <subfield code="a">Archive</subfield>
      </datafield>
      <datafield tag="371" ind1=" " ind2=" ">
         <subfield code="a">вул. Гаспадарчая, д. 21</subfield>
         <subfield code="a">vul. Haspadarčaja, d. 21</subfield>
         <subfield code="b">Гродна</subfield>
         <subfield code="b">Hrodna</subfield>
         <subfield code="d">Belarus</subfield>
         <subfield code="e">230005</subfield>
         <subfield code="m">niab@niab.grodno.by</subfield>
         <subfield code="u">https://niab.grodno.by/</subfield>
      </datafield>
      <datafield tag="510" ind1="2" ind2=" ">
         <subfield code="a">Нацыянальны гістарычны архіў Беларусі ў г. Гродна</subfield>
      </datafield>
      <datafield tag="510" ind1="2" ind2=" ">
         <subfield code="a">НГАБ у г. Гродна</subfield>
      </datafield>
      <datafield tag="510" ind1="2" ind2=" ">
         <subfield code="a">Национальный исторический архив Беларуси в г. Гродно</subfield>
      </datafield>
      <datafield tag="510" ind1="2" ind2=" ">
         <subfield code="a">National Historical Archives of Belarus in Grodno</subfield>
      </datafield>
      <datafield tag="551" ind1="1" ind2=" ">
         <subfield code="a">Hrodna</subfield>
         <subfield code="0">places/50013821</subfield>
      </datafield>
   </record>